@article{Fox:CACC,
   author =    {Fox, T.},
   title =     {Coalgebras and Cartesian Categories},
   journal =   {Communications in Algebra},
   year =      1976,
   volume =    4,
   pages =   {665--667},
}

@article{Kock70,
  author    = {A. Kock},
  title     = {Monads on symmetric monoidal closed categories},
  journal   = {Archiv der Mathematik},
  volume    = {21},
  pages     = {1--10},
  year      = {1970},
  doi 		= {https://doi.org/10.1007/BF01220868}
}



@inproceedings{ghica,
   author    = {Alvarez{-}Picallo, M. and
               Ghica, D. and
               Sprunger, D. and
               Zanasi, F.},
  editor    = {Felty, A.},
  title     = {Rewriting for Monoidal Closed Categories},
  booktitle = {FSCD 2022},
  series    = {LIPIcs},
  volume    = {228},
  pages     = {29:1--29:20},
  publisher = {Schloss Dagstuhl - Leibniz-Zentrum f{\"{u}}r Informatik},
  year      = {2022}
}  
  @incollection{Bonchi0Z21,
  author    = {F. Bonchi and
               P. Soboci\'{n}ski and
               F. Zanasi},
  editor    = {M. Goedicke and
               E.J. Neuhold and
               K. Rannenberg},
  title     = {A Survey of Compositional Signal Flow Theory},
  booktitle = {Advancing Research in Information and Communication Technology},
  series    = {{IFIP} AICT},
  volume    = {600},
  pages     = {29--56},
  publisher = {Springer},
  year      = {2021}
}

@article{Gadducci07,
  author    = {F. Gadducci},
  title     = {Graph rewriting for the pi-calculus},
  journal   = {Mathematical Structtures in Computer Science},
  volume    = {17},
  number    = {3},
  pages     = {407--437},
  year      = {2007}
}

@article{BruniMPT14,
  author    = {Bruni, R. and
               Montanari, U. and
               Plotkin, G.D.  and
               Terreni, D.},
  title     = {On Hierarchical Graphs: Reconciling Bigraphs, Gs-monoidal Theories
               and Gs-graphs},
  journal   = {Fundamenta Informaticae},
  volume    = {134},
  number    = {3-4},
  pages     = {287--317},
  year      = {2014}
}

@inproceedings{CorradiniGKK07,
  author    = {Corradini, A. and
               Gadducci, F. and
               Kahl, W. and
               K{\"{o}}nig, B.},
  editor = {I. Mackie and D. Plump:},
  title     = {Inequational Deduction as Term Graph Rewriting},
  booktitle = {TERMGRAPH 2002},
  series    = {ENTCS},
  volume    = {72(1)},
  pages     = {31--44},
  publisher = {Elsevier},
  year      = {2007}
}

@inproceedings{Gadducci08,
  author    = {F. Gadducci},
  editor    = {A. Corradini and
               U. Montanari},
  title     = {A Term-Graph Syntax for Algebras over Multisets},
  booktitle = {WADT 2008},
  series    = {LNCS},
  volume    = {5486},
  pages     = {152--165},
  publisher = {Springer},
  year      = {2008}
}

@article{lackSob,
  author    = {Stephen Lack and Pawel Soboci\'{n}ski},
  title     = {Adhesive and quasiadhesive categories},
  journal   = {RAIRO/Informatique Th\`eorique et Applications},
  volume    = {39},
  number    = {3},
  pages     = {511--545},
  year      = {2005}
}

@inproceedings{CastelnovoGM22,
  author    = {D. Castelnovo and
               F. Gadducci and
               M. Miculan},
  editor    = {P. Bouyer and
               L. Schr{\"{o}}der},
  title     = {A new criterion for \emph{M}, \emph{N}-adhesivity, with an application
               to hierarchical graphs},
  booktitle = {FOSSACS 2022},
  series    = {LNCS},
  volume    = {13242},
  pages     = {205--224},
  publisher = {Springer},
  year      = {2022}
}

@incollection{BenabouBicategories,
	Author = {J. B\'{e}nabou},
	Booktitle = {Reports of the Midwest Category Seminar},
	Pages = {1-77},
	Publisher = {Springer},
	Series = {Lecture Notes in Mathematics},
	Title = {Introduction to bicategories},
	Volume = {47},
	Year = {1967}
}

@article{fabio2022,
  author    = {F. Bonchi and
               F. Gadducci and
               A. Kissinger and
               P. Soboci\'{n}ski and
               F. Zanasi},
  title     = {String Diagram Rewrite Theory {I:} Rewriting with {F}robenius Structure},
  journal   = {Journal of the {ACM}},
  volume    = {69},
  number    = {2},
  pages     = {14:1--14:58},
  year      = {2022}
}

@article{DiPaola87,
 author = {Di Paola, R.A. and Heller, A.},
 journal = {The Journal of Symbolic Logic},
 number = {3},
 pages = {594--635},
 publisher = {Association for Symbolic Logic},
 title = {Dominical Categories: Recursion Theory without Elements},
 volume = {52},
 year = {1987}
}

@article{Robinson88,
title = {Categories of partial maps},
journal = {Information and Computation},
volume = {79},
number = {2},
pages = {95-130},
year = {1988},
author = {E. Robinson and G. Rosolini}
}
@article{Cockett02,
title = {Restriction categories {I}: categories of partial maps},
journal = {Theoretical Computer Science},
volume = {270},
number = {1},
pages = {223-259},
year = {2002},
issn = {0304-3975},
author = {J.R.B. Cockett and Stephen Lack}
}
@article{Cockett03,
title = {Restriction categories {II}: partial map classification},
journal = {Theoretical Computer Science},
volume = {294},
number = {1},
pages = {61-102},
year = {2003},
author = {J.R.B. Cockett and S. Lack}
}

@article{Cockett07, 
title={Restriction categories {III}: colimits, partial limits and extensivity}, 
volume={17}, 
number={4}, 
journal={Mathematical Structures in Computer Science}, 
ublisher={Cambridge University Press}, 
author={Cockett, J.R.B. and Lack, S.}, 
year={2007}, 
pages={775–817}
}


@article{Mulry94,
title = {Partial map classifiers and partial cartesian closed categories},
journal = {Theoretical Computer Science},
volume = {136},
number = {1},
pages = {109--123},
year = {1994},
author = {Mulry, P.S.}
}

@article{Mulry92,
  author    = {Mulry, P.S.},
  title     = {Monads and Algebras in the Semantics of Partial Data Types},
  journal   = {Theoretical Computer Science},
  volume    = {99},
  number    = {1},
  pages     = {141--155},
  year      = {1992}
 }
 
@inproceedings{CorradiniGadducci97,
author = {Corradini, A. and Gadducci, F.},
title = {A 2-Categorical Presentation of Term Graph Rewriting},
editor    = {E. Moggi and G. Rosolini},
year = {1997},
publisher = {Springer},
booktitle = {CTCS 1997},
pages = {87-105},
series = {LNCS},
volume = {1290}
}
 

@article{CorradiniGadducci99,
author={Corradini, A. and Gadducci, F.},
title={An algebraic presentation of term graphs, via gs-monoidal categories},
journal={Applied Categorical Structures},
volume={7},
pages={299--331},
year={1999}
}
@article{CorradiniGadducci99b,
     author = {Corradini, A. and Gadducci, F.},
     title = {Rewriting on cyclic structures: equivalence between the operational and the categorical description},
     journal = {RAIRO - Theoretical Informatics and Applications - Informatique Th\'eorique et Applications},
     pages = {467--493},
     publisher = {EDP-Sciences},
     volume = {33},
     number = {4-5},
     year = {1999}
}

@article{CorradiniGadducci02,
author = {Corradini, A. and Gadducci, F.},
year = {2002},
pages = {293-322},
title = {A functorial semantics for multi-algebras and partial algebras, with applications to syntax},
volume = {286},
journal = {Theoretical Computer Science}
}




@article {Lawvere869,
	author = {Lawvere, F. William},
	title = {FUNCTORIAL SEMANTICS OF ALGEBRAIC THEORIES},
	volume = {50},
	number = {5},
	pages = {869--872},
	year = {1963},
	publisher = {National Academy of Sciences},
	journal = {Proceedings of the National Academy of Sciences}
}

@inbook{Pitts2001,
author = {Pitts, Andrew M.},
title = {Categorical Logic},
year = {2001},
isbn = {0198537816},
publisher = {Oxford University Press, Inc.},
address = {USA},
booktitle = {Handbook of Logic in Computer Science: Volume 5: Logic and Algebraic Methods},
pages = {39–123},
numpages = {85}
}

@book {HCA2,
   title =     {Handbook of Categorical Algebra 2: Categories and Structures},
   author =    {F. Borceux},
   publisher = {Cambridge University Press}, 
   year =      {1994},
   series =    {Encyclopedia of Mathematics and its Applications},
   volume= {51}
}

@book{SGL,
     title = {Sheaves in Geometry and Logic. A First Introduction to Topos Theory},
     author = {S. MacLane and I. Moerdijk},
     publisher ={Springer},
     year = {1992}
}

@book{FOCL,
    title=   {First Order Categorical Logic},
    author=   {M. Makkai and G. Reyes},
    publisher= {Springer},
    year= {1977},
    series= {Lecture Notes in Mathematics},
    volume= {611},
}

@book{IHOCL,
     author = {J. Lambek and P.J. Scott},
     title = {Introduction to Higher Order Categorical Logic},
     publisher = {Cambridge University Press}, 
   year =  {1986}
  }
  
 @phdthesis{PHDTT,
     author = {M. Tanaka},
     title = {Pseudo-distributive laws and a unified framework for variable binding},
     school ={The University of Edinburgh},
     year = {2004}
}

@inproceedings{PDL,
author    = {E. Cheng and
               M. Hyland and
               J. Power},
  editor    = {S.D. Brookes and
               P. Panangaden},
  title     = {Pseudo-distributive Laws},
  booktitle = {MFPS 2003},
  series    = {ENTCS},
  volume    = {83},
  pages     = {227--245},
  publisher = {Elsevier},
  year      = {2003}
}


@article{FTM2,
     author = {R. Street and S. Lack},
     title = {The formal theory of monads {II}},
     journal = {Journal of Pure and Applied Algebra},
    volume = {175},
      YEAR = {2002},
    pages = {243--265}
}

@incollection{RE2C,
     author = {G.M. Kelly and R. Street},
     title = {Review of the elements of 2-categories},
     BOOKtitle= {Category Seminar. Lecture Notes in Mathematics},
     PUBLISHER= {Springer},
    volume = {420},
      YEAR = {1974},
      pages = {75--103}
}


@article{TDMT,
     author = {R. Blackwell and G.M. Kelly and J. Power},
     title = {Two-dimensional monad theory},
     journal = {Journal of Pure and Applied Algebra},
    volume = {59},
      YEAR = {1989},
     pages = {1--41}
}


@article{Moggi91,
author = {Moggi, E.},
title = {Notions of Computation and Monads},
year = {1991},
publisher = {Academic Press, Inc.},
address = {USA},
volume = {93},
number = {1},
journal = {Information and Computation},
pages = {55–92},
numpages = {38}
}

@inproceedings{Moggi89,
author = {Moggi, E.},
title = {Computational Lambda-Calculus and Monads},
year = {1989},
isbn = {0818619546},
publisher = {IEEE Press},
booktitle = {LICS 1989},
pages = {14–23},
numpages = {10},
location = {Pacific Grove, California, USA}
}

@article{Kock72,
  title={Strong functors and monoidal monads},
  author={Kock, A.},
  journal={Archiv der Mathematik},
  year={1972},
  volume={23},
  pages={113-120}
}

@article{Kock78,
author = {Kock, A.},
year = {1970},
pages = {1-10},
title = {Monads on symmetric monoidal closed categories},
volume = {21},
journal = {Archiv der Mathematik},
}
@article{Kock71,
 author = {Kock, A.},
 journal = {Mathematica Scandinavica},
 number = {2},
 pages = {161--174},
 publisher = {Mathematica Scandinavica},
 title = {Bilinearity and cartesian closed monads},
 urldate = {2022-10-04},
 volume = {29},
 year = {1971}
}



@article{JACOBS2018,
title = {From probability monads to commutative effectuses},
journal = {Journal of Logical and Algebraic Methods in Programming},
volume = {94},
pages = {200-237},
year = {2018},
author = {B. Jacobs}
}

@InProceedings{Giry82,
author="Giry, M.",
editor="Banaschewski, B.",
title="A categorical approach to probability theory",
booktitle="Categorical Aspects of Topology and Analysis",
series = {Lecture Notes in Mathematics}, 
volume = {915}, 
year="1982",
publisher="Springer",
pages="68--85"
}

@inproceedings{Heunen2017,
author = {Heunen, C. and Kammar, O. and Staton, S. and Yang, H.},
title = {A Convenient Category for Higher-Order Probability Theory},
year = {2017},
isbn = {9781509030187},
publisher = {IEEE Press},
booktitle = {LICS 2017},
articleno = {77},
numpages = {12}
}


@article{fongspivak2019,
  author = {Fong, B. and Spivak, D.},
  title = {Supplying bells and whistles in symmetric monoidal categories},
    journal = {CoRR},
  volume    = {abs/1908.02633},
  year      = {2019}
}

@article{fritz_2019_B,
   author = {Fritz, T. and Perrone, P. and Rezagholi, S.},
   title = {Probability, valuations, hyperspace: Three monads on {T}op and the support as a morphism},
   journal = {CoRR},
   volume    = {abs/1910.03752},
   year      = {2019}
}

@article{fritz_2020_B,
   author = {Fritz, T. and Gonda, T. and Perrone, P. and Rischel, E.F.},
   title = {Representable {M}arkov Categories and Comparison of Statistical Experiments in Categorical Probability},
   journal = {CoRR},
   volume    = {abs/2010.07416},
   year      = {2020}
}

@article{Fritz_2020,
  	year = {2020},
    volume = {370},	
    pages = {107239},
    author = {Fritz, T.},
    title = {A synthetic approach to {M}arkov kernels, conditional independence and theorems on sufficient statistics},
  journal = {Advances in Mathematics}
}

@article{fritz2022,
  author    = {T. Fritz and
               W. Liang},
  title     = {Free gs-monoidal categories and free {M}arkov categories},
  journal   = {CoRR},
  volume    = {abs/2204.02284},
  year      = {2022}
  }
 
@article{zan2022,
  author    = {A. Milosavljevic and F. Zanasi},
  title     = {String Diagram Rewriting Modulo Commutative Monoid Structure},
  journal   = {CoRR},
  volume    = {abs/2204.04274},
  year      = {2022}
}

@article{CARBONI198711,
title = {Cartesian bicategories {I}},
journal = {Journal of Pure and Applied Algebra},
volume = {49},
number = {1},
pages = {11-32},
year = {1987},
author = {Carboni, A. and Walters, R.F.C. }
}


@incollection{Selinger2011,
author="Selinger, P.",
editor="Coecke, B.",
title="A Survey of Graphical Languages for Monoidal Categories",
bookTitle="New Structures for Physics",
year="2011",
publisher="Springer",
series = {Lecture Notes in Physics},
volume = {813},
pages="289--355"
}

@article{Rosicky2019,
  author = {Rosick\'y, J.},
  title = {On the uniqueness of cellular injectives},
  journal = {Mathematical Proceedings of the Cambridge Philosophical Society},
  year = {2019},
  number={3},
  volume = {167},
  pages = {489-504}
}



@InProceedings{bonchi17,
  author =	{Bonchi, F. and Holland, J. and Pavlovic, D. and Soboci\'{n}ski, P.},
  title =	{Refinement for Signal Flow Graphs},
  booktitle =	{CONCUR 2017},
  pages =	{24:1--24:16},
  series =	{LIPIcs},
  ISBN =	{978-3-95977-048-4},
  ISSN =	{1868-8969},
  year =	{2017},
  volume =	{85},
  editor =	{Meyer, R. and  Nestmann, U.},
  publisher =	{Schloss Dagstuhl--Leibniz-Zentrum fuer Informatik}
}

@book{aguiar2010,
 author = {Aguiar, M. and Mahajan, S.},
 title = {Monoidal functors, species and {H}opf algebras},
 series = {CRM Monograph Series},
 volume = {29},
 publisher = {American Mathematical Society},
 year = {2010},
}

@article {grandis2001,
    AUTHOR = {Grandis, Marco},
     TITLE = {Higher fundamental functors for simplicial sets},
   JOURNAL = {Cahiers Topologie G\'{e}om. Diff\'{e}rentielle Cat\'{e}g.},
    VOLUME = {42},
      YEAR = {2001},
    NUMBER = {2},
     PAGES = {101--136},
}

@book {leinster2004,
    AUTHOR = {Leinster, T.},
     TITLE = {Higher operads, higher categories},
    SERIES = {London Mathematical Society Lecture Note Series},
    VOLUME = {298},
 PUBLISHER = {Cambridge University Press},
      YEAR = {2004},
     PAGES = {xiv+433},
}

@article{Heunen2021,
  author = {Heunen, C. and Lemay, J. S. Pacaud},
  title = {Tensor-restriction categories},
  journal = {Theory and Applications of Categories},
  number ={21},
  volume = {37},
  year = {2021}
}

@article {Jacobs1994,
    AUTHOR = {Jacobs, B.},
     TITLE = {Semantics of weakening and contraction},
   JOURNAL = {Annals of Pure and Applied Logic},
    VOLUME = {69},
      YEAR = {1994},
    NUMBER = {1},
     PAGES = {73--106},
}

@inproceedings {Fritz2018,
    AUTHOR = {Fritz, T. and Perrone, P.},
     TITLE = {Bimonoidal structure of probability monads},
     editor = {Staton, S.},
     BOOKTITLE = {MFPS XXXIV},
    SERIES = {ENTCS},
    VOLUME = {341},
     PAGES = {121--149},
    PUBLISHER = {Elsevier},
    YEAR = {2018},
}

@inproceedings {Bruni2003,
	author = {Bruni, R. and Gadducci, F.},
	title = {Some algebraic laws for spans (and their connections with multirelations)},
	editor = {W. Kahl and D.L. Parnas and G.~Schmidt},
	booktitle = {RelMiS 2001},
    	series = {ENTCS},
	volume = {44(3)},
	pages = {175--193},
	publisher = {Elsevier},
	year = {2003},
}


@article{Frobenius_functor,
title = "What separable {F}robenius monoidal functors preserve?",
author = "McCurdy, M. and Street, R.",
year = "2010",
language = "English",
volume = "51",
pages = "29--50",
journal = "Cahiers de topologie et g{\'e}om{\'e}trie diff{\'e}rentielle cat{\'e}goriques",
issn = "1245-530X",
publisher = "Cahiers de Topologie et G{\'e}om{\'e}trie Diff{\'e}rentielle Cat{\'e}goriques",
number = "1"

}

@incollection {Frobenius_functor_original,
    AUTHOR = {Szlach\'{a}nyi, K.},
     TITLE = {Finite quantum groupoids and inclusions of finite type},
     editor = {R.~Longo},
    BOOKTITLE = {Mathematical Physics in Mathematics and Physics: Quantum and Operator Algebraic Aspects},
    SERIES = {Fields Institute Communications},
    VOLUME = {30},
     PAGES = {393--407},
 PUBLISHER = {American Mathematical Society},
      YEAR = {2001},
}
@InProceedings{Jacobs16,
author="Jacobs, B.",
editor="Hasuo, I.",
title="Affine Monads and Side-Effect-Freeness",
booktitle="CMCS 2016",
year="2016",
publisher="Springer",
series = {LNCS},
volume = {9608},
pages="53--72"
}
@article{cho_jacobs_2019, 
title={Disintegration and {B}ayesian inversion via string diagrams}, 
volume={29}, DOI={10.1017/S0960129518000488}, 
number={7}, 
journal={Mathematical Structures in Computer Science}, 
publisher={Cambridge University Press}, 
author={Cho, K. and Jacobs, B.}, 
year={2019}, 
pages={938–971}
}

@article{fong_master_thesis,
author = {Fong, Brendan},
year = {2013},
journal = { Master's thesis, University of Oxford, 2012},
title = {Causal Theories: A Categorical Perspective on Bayesian Networks}
}

@inproceedings{Pawel_popl_21,
author = {Di Liberti, I. and Loregian, F. and Nester, C. and Soboci\'{n}ski, P.},
title = {Functorial Semantics for Partial Theories},
year = {2021},
publisher = {ACM},
booktitle = {POPL 2021},
}
@Article{Bonchi2017c,
  author  = {Bonchi, F. and Pavlovic, D. and Soboci\'nski, P.},
  title   = {Functorial Semantics for Relational Theories},
  journal = {CoRR},
  volume = {abs/1711.08699},
  year    = {2017}
}
@article{Fong19,
  author = {Fong, B. and Spivak, D.},
  title = {Regular and relational categories: Revisiting `{C}artesian bicategories {I}'},
  journal = {CoRR},
  volume    = {abs/1909.00069},
  year = {2019}
}

@InProceedings{bonchi_seeber_sobocinski_18,
  author =	{Bonchi, F. and Seeber, J. and Soboci\'{n}ski, P.},
  title =	{Graphical Conjunctive Queries},
  booktitle =	{CSL 2018},
  pages =	{13:1--13:23},
  series =	{LIPIcs},
  year =	{2018},
  volume =	{119},
  editor =	{Ghica, D. and Jung, A.},
  publisher =	{Schloss Dagstuhl--Leibniz-Zentrum f\"ur Informatik}
}

@phdthesis{gadducci1996,
    title    = {On The Algebraic Approach To Concurrent Term Rewriting},
    school   = {University of Pisa},
    author   = {Gadducci, F.},
    year     = {1996}
}

@article{Gol99,
author={Golubtsov, P.V.},
title={Axiomatic Description of Categories of Information Transformers},
journal={Problems of Information Transmission},
year={1999},
volume={35},
number={3},
pages={259--274}
}


@article{cartesianbicatII,
  author          = {Carboni, A. and Kelly, G.M. and Walters, R.F.C and Wood, R.J },
  title           = {Cartesian bicategories {II}},
  journal         = {Theory and Applications of Categories},
  volume          = {19},
  number          = {6},
  year               = {2008},
  pages            = {93--124}
}

@inproceedings{Winskel12,
author    = {Winskel, G.},
  editor    = {Birkedal, L.},
  title     = {Bicategories of Concurrent Games},
  booktitle = {FOSSACS 2012},
  series    = {LNCS},
  volume    = {7213},
  pages     = {26--41},
  publisher = {Springer},
  year      = {2012},
}

@article{Kelly05,
author={Kelly, G.M.},
title={ Basic Concepts of Enriched Category Theory},
journal={Reprints in Theory and Applications of Categories},
number={10},
year={2005},
pages={1--136}
}

@phdthesis{Day70,
	author = {Day, Brian J.},
	title = {Construction of biclosed categories},
	school = {University of New South Wales},
	year = {1970},
	note = {\href{https://doi.org/10.26190/unsworks/8048}{doi.org/10.26190/unsworks/8048}},
}

@incollection {Day70b,
    AUTHOR = {Day, Brian},
     TITLE = {On closed categories of functors},
 BOOKTITLE = {Reports of the {M}idwest {C}ategory {S}eminar, {IV}},
    SERIES = {Lecture Notes in Mathematics, Vol. 137},
     PAGES = {1--38},
 PUBLISHER = {Springer, Berlin},
      YEAR = {1970},
}

@article {Mandell01,
    AUTHOR = {Mandell, M. A. and May, J. P. and Schwede, S. and Shipley, B.},
     TITLE = {Model categories of diagram spectra},
   JOURNAL = {Proc. London Math. Soc. (3)},
    VOLUME = {82},
      YEAR = {2001},
    NUMBER = {2},
     PAGES = {441--512},
}

@misc{fritz2022dilations,
  title={Dilations and Information Flow Axioms in Categorical Probability},
  author={Fritz, Tobias and Gonda, Tom{\'a}{\v{s}} and Houghton-Larsen, Nicholas Gauguin and Perrone, Paolo and Stein, Dario},
  note = {\href{https://arxiv.org/abs/2211.02507}{arXiv:2211.02507}},
}

@article {fritz2022dseparation,
	author = {Fritz, Tobias and Klingler, Andreas},
	title = {The $d$-separation criterion in Categorical Probability},
	note = {\href{https://arxiv.org/abs/2207.05740}{arXiv:2207.05740}},
	journal = {J. Mach. Learn. Res.},
	volume = {24},
	number = {46},
	pages = {1--49},
	year = {2023},
}

@inproceedings{coecke2011phasegroups,
	author = {Coecke, Bob and Edwards, Bill and Spekkens, Robert W.},
	title = {Phase groups and the origin of non-locality for qubits},
	booktitle = {Proceedings of the 6th International Workshop on Quantum Physics and Logic (QPL 2009)},
	series = {ENTCS},
	volume = {270},
	number = {2},
	year = {2011},
	note = {\href{https://arxiv.org/abs/1003.5005}{arXiv:1003.5005}},
}

@article {kock2012distributions,
    AUTHOR = {Kock, Anders},
     TITLE = {Commutative monads as a theory of distributions},
   JOURNAL = {Theory Appl. Categ.},
    VOLUME = {26},
      YEAR = {2012},
      note = {\href{https://arxiv.org/abs/1108.5952}{arXiv:1108.5952}},
}

@incollection {coumans2013scalars,
	author = {Coumans, Dion and Jacobs, Bart},
	title = {Scalars, Monads, and Categories},
	booktitle = {Quantum Physics and Linguistics: A Compositional, Diagrammatic Discourse},
	pages = {184--216},
	year = {2013},
	publisher = {Oxford University Press},
	note = {\href{https://arxiv.org/abs/1003.0585}{arXiv:1003.0585}},
}

@misc {fgtc2022lax,
	author = {Fritz, Tobias and Gadducci, Fabio and Trotta, Davide and Corradini, Andrea},
	title = {Lax completeness for gs-monoidal categories},
	note = {\href{https://arxiv.org/abs/2205.06892}{arXiv:2205.06892}},
}
